% You can generate BibTeX-style bibliography entries from e.g Google Scholar (Cite -> BibTeX)

@misc{nyquist,
  key = {Capturing images},
  title = {{Nyquist Sampling Theorem}},
  howpublished = {\url{http://microscopy.berkeley.edu/courses/dib/sections/02Images/sampling.html}},
  note = {Accessed: 17.10.2016}
}